<?xml version="1.0" encoding="UTF-8"?><collection xmlns="http://www.loc.gov/MARC21/slim"><record><leader>00446nam--2200145-i-4500</leader><controlfield tag="001">000029545</controlfield><controlfield tag="002">20161230</controlfield><controlfield tag="005">20161230201037</controlfield><controlfield tag="008">060222s1000------------r-----000-0-eng-d</controlfield><datafield ind1=" " ind2=" " tag="080"><subfield code="a">550.34</subfield></datafield><datafield ind1=" " ind2=" " tag="100"><subfield code="a">Loupekine, I.S.And Wohlenberg, J., Janssen, Th</subfield></datafield><datafield ind1=" " ind2=" " tag="245"><subfield code="a">Uganda the toro earthquake of 20 march 1966. prelinimary interpretation of seismograms</subfield></datafield><datafield ind1=" " ind2=" " tag="260"><subfield code="a">Paris, Unesco, 1966</subfield></datafield><datafield ind1=" " ind2=" " tag="490"><subfield code="a">Earthquake Reconnaissance Mission</subfield></datafield><datafield ind1=" " ind2=" " tag="852"><subfield code="a">47482</subfield></datafield></record></collection>